@Manual{R-base,
  title = {R: A Language and Environment for Statistical Computing},
  author = {{R Core Team}},
  organization = {R Foundation for Statistical Computing},
  address = {Vienna, Austria},
  year = {2023},
  url = {https://www.R-project.org/},
}
@Manual{R-dplyr,
  title = {dplyr: A Grammar of Data Manipulation},
  author = {Hadley Wickham and Romain François and Lionel Henry and Kirill Müller and Davis Vaughan},
  year = {2023},
  note = {R package version 1.1.4},
  url = {https://CRAN.R-project.org/package=dplyr},
}
@Manual{R-papaja,
  title = {{papaja}: {Prepare} reproducible {APA} journal articles with {R Markdown}},
  author = {Frederik Aust and Marius Barth},
  year = {2023},
  note = {R package version 0.1.2.9000},
  url = {https://github.com/crsh/papaja},
}
@Manual{R-tinylabels,
  title = {{tinylabels}: Lightweight Variable Labels},
  author = {Marius Barth},
  year = {2023},
  note = {R package version 0.2.4},
  url = {https://cran.r-project.org/package=tinylabels},
}
@Manual{R-visualizemi,
  title = {visualizemi: What the Package Does (Title Case)},
  author = {Erin M. Buchanan},
  year = {2024},
  note = {R package version 0.1.0},
  url = {http://www.aggieerin.com/visualizemi/},
}
@Manual{R-rio,
  title = {rio: A Swiss-army knife for data file I/O},
  author = {Chung-hong Chan and Thomas J. Leeper and Jason Becker and David Schoch},
  url = {https://cran.r-project.org/package=rio},
  year = {2023},
}
@Manual{R-trackdown,
  title = {trackdown: Collaborative Writing and Editing of R Markdown (or Quarto / Sweave) Documents in Google Drive},
  author = {Emily Kothe and Claudio Zandonella Callegher and Filippo Gambarota and Janosch Linkersdörfer and Mathew Ling},
  year = {2021},
  note = {R package version 1.1.1},
  url = {https://github.com/claudiozandonella/trackdown},
  doi = {10.5281/zenodo.5167319},
}
@Book{R-knitr,
  title = {Dynamic Documents with {R} and knitr},
  author = {Yihui Xie},
  publisher = {Chapman and Hall/CRC},
  address = {Boca Raton, Florida},
  year = {2015},
  edition = {2nd},
  note = {ISBN 978-1498716963},
  url = {https://yihui.org/knitr/},
}
@Article{R-lavaan,
  title = {{lavaan}: An {R} Package for Structural Equation Modeling},
  author = {Yves Rosseel},
  journal = {Journal of Statistical Software},
  year = {2012},
  volume = {48},
  number = {2},
  pages = {1--36},
  doi = {10.18637/jss.v048.i02},
}

@book{devellis2022,
	title = {Scale development: theory and applications},
	author = {DeVellis, Robert F. and Thorpe, Carolyn T.},
	year = {2022},
	date = {2022},
	publisher = {SAGE Publications, Inc},
	edition = {Fifth edition},
	address = {Thousand Oaks, California}
}

@article{byrne2001,
	title = {Structural Equation Modeling With AMOS, EQS, and LISREL: Comparative Approaches to Testing for the Factorial Validity of a Measuring Instrument},
	author = {Byrne, Barbara M.},
	year = {2001},
	month = {03},
	date = {2001-03},
	journal = {International Journal of Testing},
	pages = {55--86},
	volume = {1},
	number = {1},
	doi = {10.1207/S15327574IJT0101_4},
	url = {http://www.tandfonline.com/doi/abs/10.1207/S15327574IJT0101_4},
	langid = {en}
}

@article{barry2014,
	title = {Validity and Reliability Reporting Practices in the Field of Health Education and Behavior: A Review of Seven Journals},
	author = {Barry, Adam E. and Chaney, Beth and Piazza-Gardner, Anna K. and Chavarria, Enmanuel A.},
	year = {2014},
	month = {02},
	date = {2014-02},
	journal = {Health Education & Behavior},
	pages = {12--18},
	volume = {41},
	number = {1},
	doi = {10.1177/1090198113483139},
	url = {http://journals.sagepub.com/doi/10.1177/1090198113483139},
	langid = {en}
}

@article{weidman2017,
	title = {The jingle and jangle of emotion assessment: Imprecise measurement, casual scale usage, and conceptual fuzziness in emotion research.},
	author = {Weidman, Aaron C. and Steckler, Conor M. and Tracy, Jessica L.},
	year = {2017},
	date = {2017},
	journal = {Emotion},
	pages = {267--295},
	volume = {17},
	number = {2},
	doi = {10.1037/emo0000226},
	url = {http://doi.apa.org/getdoi.cfm?doi=10.1037/emo0000226},
	langid = {en}
}

@article{flake2020,
	title = {Measurement schmeasurement: Questionable measurement practices and how to avoid them},
	author = {Flake, Jessica Kay and Fried, Eiko I.},
	year = {2020},
	date = {2020},
	journal = {Advances in Methods and Practices in Psychological Science},
	pages = {456{\textendash}465},
	volume = {3},
	number = {4},
	doi = {10.1177/2515245920952393},
	note = {Citation Key: flake2020}
}

@article{meredith1993,
	title = {Measurement invariance, factor analysis and factorial invariance},
	author = {Meredith, William},
	year = {1993},
	month = {12},
	date = {1993-12-01},
	journal = {Psychometrika},
	pages = {525--543},
	volume = {58},
	number = {4},
	doi = {10.1007/BF02294825},
	url = {https://doi.org/10.1007/BF02294825},
	langid = {en}
}

@article{vandeschoot2015,
	title = {Editorial: Measurement Invariance},
	author = {Van De Schoot, Rens and Schmidt, Peter and De Beuckelaer, Alain and Lek, Kimberley and Zondervan-Zwijnenburg, Marielle},
	year = {2015},
	date = {2015},
	journal = {Frontiers in Psychology},
	volume = {6},
	url = {https://www.frontiersin.org/articles/10.3389/fpsyg.2015.01064}
}

@article{maassen2023,
	title = {The dire disregard of measurement invariance testing in psychological science.},
	author = {Maassen, Esther and {D'Urso}, E. Damiano and Van Assen, Marcel A. L. M. and Nuijten, {Michèle B.} and De Roover, Kim and Wicherts, Jelte M.},
	year = {2023},
	month = {12},
	date = {2023-12-25},
	journal = {Psychological Methods},
	doi = {10.1037/met0000624},
	url = {https://doi.apa.org/doi/10.1037/met0000624},
	langid = {en}
}

@article{liu2017,
	title = {The Effect of Extreme Response and Non-extreme Response Styles on Testing Measurement Invariance},
	author = {Liu, Min and Harbaugh, Allen G. and Harring, Jeffrey R. and Hancock, Gregory R.},
	year = {2017},
	month = {05},
	date = {2017-05-23},
	journal = {Frontiers in Psychology},
	pages = {726},
	volume = {8},
	doi = {10.3389/fpsyg.2017.00726},
	url = {http://journal.frontiersin.org/article/10.3389/fpsyg.2017.00726/full}
}

@article{cheung2000,
	title = {Assessing Extreme and Acquiescence Response Sets in Cross-Cultural Research Using Structural Equations Modeling},
	author = {Cheung, Gordon W. and Rensvold, Roger B.},
	year = {2000},
	month = {03},
	date = {2000-03},
	journal = {Journal of Cross-Cultural Psychology},
	pages = {187--212},
	volume = {31},
	number = {2},
	doi = {10.1177/0022022100031002003},
	url = {http://journals.sagepub.com/doi/10.1177/0022022100031002003},
	langid = {en}
}

@article{wicherts2005,
	title = {Stereotype Threat and Group Differences in Test Performance: A Question of Measurement Invariance.},
	author = {Wicherts, Jelte M. and Dolan, Conor V. and Hessen, David J.},
	year = {2005},
	month = {11},
	date = {2005-11},
	journal = {Journal of Personality and Social Psychology},
	pages = {696--716},
	volume = {89},
	number = {5},
	doi = {10.1037/0022-3514.89.5.696},
	url = {https://doi.apa.org/doi/10.1037/0022-3514.89.5.696},
	langid = {en}
}

@article{dong2020,
	title = {Are personality measures valid for different populations? A systematic review of measurement invariance across cultures, gender, and age},
	author = {Dong, Yixiao and Dumas, Denis},
	year = {2020},
	month = {07},
	date = {2020-07},
	journal = {Personality and Individual Differences},
	pages = {109956},
	volume = {160},
	doi = {10.1016/j.paid.2020.109956},
	url = {https://linkinghub.elsevier.com/retrieve/pii/S0191886920301458},
	langid = {en}
}

@article{byrne1989,
	title = {Testing for the equivalence of factor covariance and mean structures: The issue of partial measurement invariance.},
	author = {Byrne, Barbara M. and Shavelson, Richard J. and {Muthén}, Bengt},
	year = {1989},
	month = {05},
	date = {1989-05},
	journal = {Psychological Bulletin},
	pages = {456--466},
	volume = {105},
	number = {3},
	doi = {10.1037/0033-2909.105.3.456},
	url = {http://doi.apa.org/getdoi.cfm?doi=10.1037/0033-2909.105.3.456},
	langid = {en}
}

@article{marsh2004,
	title = {In Search of Golden Rules: Comment on Hypothesis-Testing Approaches to Setting Cutoff Values for Fit Indexes and Dangers in Overgeneralizing Hu and Bentler's (1999) Findings},
	author = {Marsh, Herbert W. and Hau, Kit-Tai and Wen, Zhonglin},
	year = {2004},
	month = {07},
	date = {2004-07-01},
	journal = {Structural Equation Modeling: A Multidisciplinary Journal},
	pages = {320--341},
	volume = {11},
	number = {3},
	doi = {10.1207/s15328007sem1103_2},
	url = {https://doi.org/10.1207/s15328007sem1103_2},
	note = {Publisher: Routledge
{\_}eprint: https://doi.org/10.1207/s15328007sem1103{\_}2}
}

@article{putnick2016,
	title = {Measurement invariance conventions and reporting: The state of the art and future directions for psychological research},
	author = {Putnick, Diane L. and Bornstein, Marc H.},
	year = {2016},
	month = {09},
	date = {2016-09-01},
	journal = {Developmental Review},
	pages = {71--90},
	volume = {41},
	doi = {10.1016/j.dr.2016.06.004},
	url = {https://www.sciencedirect.com/science/article/pii/S0273229716300351},
	langid = {en}
}

@article{nye2011,
	title = {Effect size indices for analyses of measurement equivalence: Understanding the practical importance of differences between groups.},
	author = {Nye, Christopher D. and Drasgow, Fritz},
	year = {2011},
	month = {09},
	date = {2011-09},
	journal = {Journal of Applied Psychology},
	pages = {966--980},
	volume = {96},
	number = {5},
	doi = {10.1037/a0022955},
	url = {http://doi.apa.org/getdoi.cfm?doi=10.1037/a0022955},
	langid = {en}
}

@article{anvari2021,
	title = {Using anchor-based methods to determine the smallest effect size of interest},
	author = {Anvari, Farid and Lakens, {Daniël}},
	year = {2021},
	month = {09},
	date = {2021-09-01},
	journal = {Journal of Experimental Social Psychology},
	pages = {104159},
	volume = {96},
	doi = {10.1016/j.jesp.2021.104159},
	url = {https://www.sciencedirect.com/science/article/pii/S0022103121000627},
	langid = {en}
}

@article{lakens2018,
	title = {Equivalence Testing for Psychological Research: A Tutorial},
	author = {Lakens, {Daniël} and Scheel, Anne M. and Isager, Peder M.},
	year = {2018},
	month = {06},
	date = {2018-06},
	journal = {Advances in Methods and Practices in Psychological Science},
	pages = {259--269},
	volume = {1},
	number = {2},
	doi = {10.1177/2515245918770963},
	url = {http://dx.doi.org/10.1177/2515245918770963},
	langid = {en}
}
